Automatically generated by Mendeley Desktop 1.10.1
Any changes to this file will be lost if it is regenerated by Mendeley.

BibTeX export options can be customized via Options -> BibTeX in Mendeley Desktop

@article{Vatter2013,
archivePrefix = {arXiv},
arxivId = {arXiv:1301.3122v1},
author = {Albert, Michael H. and Vatter, Vincent},
eprint = {arXiv:1301.3122v1},
file = {:home/cheyne/Dropbox/mendeley/Albert, Vatter_2013_Generating and enumerating 321-avoiding and skew-merged simple permutations.pdf:pdf},
issn = {1077-8926},
journal = {Electron. J. Comb.},
keywords = {()},
number = {2},
pages = {Paper 44, 11 pp.},
title = {{Generating and enumerating 321-avoiding and skew-merged simple permutations}},
url = {http://arxiv.org/abs/1301.3122},
volume = {20},
year = {2013}
}
@book{A=B,
address = {Wellesley, MA},
annote = {
        

      },
author = {Petkov\v{s}ek, Marko and Wilf, Herbert S and Zeilberger, Doron},
file = {:home/cheyne/Dropbox/mendeley/Petkov\v{s}ek, Wilf, Zeilberger_1996_A=B.pdf:pdf},
isbn = {1-56881-063-6},
pages = {xii+212},
publisher = {A K Peters Ltd.},
title = {{A=B}},
year = {1996}
}
@misc{oeis,
howpublished = {Published Electronically at \url{http://oeis.org}.},
title = {{The {O}n-{L}ine {E}ncyclopedia of {I}nteger {S}equences}},
year = {2010}
}
@article{Bona2007,
author = {B\'{o}na, Mikl\'{o}s},
doi = {10.1016/j.ejc.2005.09.005},
file = {:home/cheyne/Dropbox/mendeley/B\'{o}na_2007_New records in {S}tanley–{W}ilf limits.pdf:pdf},
issn = {01956698},
journal = {Eur. J. Comb.},
month = jan,
number = {1},
pages = {75--85},
title = {{New records in {S}tanley–{W}ilf limits}},
url = {http://linkinghub.elsevier.com/retrieve/pii/S019566980500140X},
volume = {28},
year = {2007}
}
@article{Deutsch2001,
author = {Deutsch, Emeric and Shapiro, L},
file = {:home/cheyne/Dropbox/mendeley/Deutsch, Shapiro_2001_A survey of the Fine numbers.pdf:pdf},
journal = {Discrete Math.},
keywords = {catalan numbers,fine numbers,noncrossing partitions,ordered,paths,plane,trees},
number = {Mxxxx},
pages = {241--265},
title = {{A survey of the Fine numbers}},
url = {http://www.sciencedirect.com/science/article/pii/S0012365X01001212},
volume = {241},
year = {2001}
}
@article{Atkinson2011,
author = {Atkinson, M D and Ru\v{s}kuc, N and Smith, Rebecca},
doi = {10.1016/j.jcta.2010.10.006},
issn = {0097-3165},
journal = {J. Comb. Theory, Ser. A},
number = {2},
pages = {317--340},
title = {{Substitution-closed pattern classes}},
url = {http://dx.doi.org/10.1016/j.jcta.2010.10.006},
volume = {118},
year = {2011}
}
@article{Kuhn2009,
abstract = {Combinatorial testing can detect hard-to-find software faults more efficiently than manual test case selection methods. While the most basic form of combinatorial testing-pairwise-is well established, and adoption by software testing practitioners continues to increase, industry usage of these methods remains patchy at best. However, the additional training required is well worth the effort.},
author = {Kuhn, R. and Kacker, R. and Lei, Yu Lei Yu and Hunter, J.},
doi = {10.1109/MC.2009.253},
issn = {0018-9162},
journal = {Computer (Long. Beach. Calif).},
keywords = {Combinatorial software testing,Design and test,Efficient test design methods,Pairwise testing,Software technologies,class: segr534,leer,se,testing},
mendeley-tags = {class: segr534,leer,se,testing},
title = {{Combinatorial Software Testing}},
volume = {42},
year = {2009}
}
@article{Vatter2008,
archivePrefix = {arXiv},
arxivId = {arXiv:math/0510044v1},
author = {Vatter, Vincent},
eprint = {0510044v1},
file = {:home/cheyne/Dropbox/mendeley/Vatter_2008_Enumeration schemes for restricted permutations.pdf:pdf},
journal = {Comb. Probab. Comput.},
keywords = {an nsf vigre grant,and phrases,award from dimacs and,de-,enumeration scheme,forbidden subsequence,generating tree,insertion encoding,partially supported by an,partment of mathematics,restricted permutation,simple permutation,to the rutgers university,wilfian formula},
pages = {21 pp.},
primaryClass = {arXiv:math},
title = {{Enumeration schemes for restricted permutations}},
url = {http://journals.cambridge.org/abstract_S0963548307008516},
year = {2008}
}
@article{Marcus2004,
author = {Marcus, Adam and Tardos, G\'{a}bor},
doi = {10.1016/j.jcta.2004.04.002},
issn = {0097-3165},
journal = {J. Comb. Theory, Ser. A},
number = {1},
pages = {153--160},
title = {{Excluded permutation matrices and the Stanley-Wilf conjecture}},
url = {http://dx.doi.org/10.1016/j.jcta.2004.04.002},
volume = {107},
year = {2004}
}
@article{Atkinson2007,
author = {Albert, Michael H. and Atkinson, M. D. and Brignall, Robert},
doi = {10.1007/s00026-007-0318-x},
issn = {0218-0006},
journal = {Ann. Comb.},
number = {3-4},
pages = {249--264},
title = {{Permutation classes of polynomial growth}},
url = {http://dx.doi.org/10.1007/s00026-007-0318-x},
volume = {11},
year = {2007}
}
@article{Bollabas2007,
author = {Balogh, Josef and Bollob\'{a}s, B\'{e}la and Morris, Robert},
doi = {10.1002/jgt},
file = {:home/cheyne/Dropbox/mendeley/Balogh, Bollob\'{a}s, Morris_2007_Hereditary properties of combinatorial structures posets and oriented graphs.pdf:pdf},
journal = {J. Graph Theory},
pages = {311--332},
title = {{Hereditary properties of combinatorial structures: posets and oriented graphs}},
url = {http://onlinelibrary.wiley.com/doi/10.1002/jgt.20266/full},
year = {2007}
}
@article{Cohen1996,
abstract = {The combinatorial design method substantially reduces testing costs. The authors describe an application in which the method reduced test plan development from one month to less than a week. In several experiments, the method demonstrated good code coverage and fault detection ability},
author = {Cohen, David M and Dalal, Siddhartha R and Parelius, Jesse and Patton, Gardner C},
doi = {10.1109/52.536462},
issn = {07407459},
journal = {IEEE Softw.},
pages = {83--88},
title = {{The Combinatorial Design Approach to Automatic Test Generation}},
url = {http://www.citeulike.org/user/joaoarthurbm/article/2436996},
volume = {13},
year = {1996}
}
@article{Christie1996,
author = {Christie, David A},
doi = {10.1016/S0020-0190(96)00155-X},
issn = {0020-0190},
journal = {Inf. Process. Lett.},
number = {4},
pages = {165--169},
title = {{Sorting permutations by block-interchanges}},
url = {http://dx.doi.org/10.1016/S0020-0190(96)00155-X},
volume = {60},
year = {1996}
}
@article{WestDiss,
author = {West, Julian},
journal = {PhD Thesis, Massachusetts Inst. Technol.},
title = {{Permutations with forbidden subsequences and stack-sortable permutations}},
year = {1990}
}
@article{Janson2014,
author = {Janson, Svante and Nakamura, Brian and Zeilberger, Doron},
pages = {arXiv:1312.3955 [math.CO], 18 pp.},
title = {{On the Asymptotic Statistics of the Number of Occurrences of Multiple Permutation Patterns}},
year = {2014}
}
@book{Flajolet,
address = {Cambridge},
author = {Flajolet, Philippe and Sedgewick, Robert},
doi = {10.1017/CBO9780511801655},
file = {:home/cheyne/Dropbox/mendeley/Flajolet, Sedgewick_2009_Analytic combinatorics.pdf:pdf},
isbn = {978-0-521-89806-5},
pages = {xiv+810},
publisher = {Cambridge University Press},
title = {{Analytic combinatorics}},
url = {http://dx.doi.org/10.1017/CBO9780511801655},
year = {2009}
}
@article{Dweighter,
author = {Kleitman, D J and Kramer, Edvard and Conway, J H and Bell, Stroughton and Dweighter, Harry},
doi = {10.2307/2318260},
issn = {0002-9890},
journal = {Am. Math. Mon.},
number = {10},
pages = {1009--1010},
title = {{Problems and {S}olutions: {E}lementary {P}roblems: {E}2564-{E}2569}},
url = {http://dx.doi.org/10.2307/2318260},
volume = {82},
year = {1975}
}
@article{Bona2012c,
abstract = {Numerical evidence suggests that certain permutation patterns of length k are easier to avoid than any other patterns of that same length. We prove that these patterns are avoided by no more than (2.25k^2)^n permutations of length n. In light of this, we conjecture that no pattern of length k is avoided by more than that many permutations of length n.},
archivePrefix = {arXiv},
arxivId = {1209.2404},
author = {B\'{o}na, Mikl\'{o}s},
eprint = {1209.2404},
month = sep,
pages = {arXiv:1209.2404 [math.CO], 12 pp.},
title = {{On the Best Upper Bound for Permutations Avoiding A Pattern of a Given Length}},
url = {http://arxiv.org/abs/1209.2404},
year = {2012}
}
@article{HigmansThm,
author = {Higman, Graham},
issn = {0024-6115},
journal = {Proc. London Math. Soc.},
pages = {326--336},
title = {{Ordering by divisibility in abstract algebras}},
volume = {2},
year = {1952}
}
@article{Pemantle2013,
address = {Cambridge},
author = {Pemantle, Robin and Wilson, Mark C.},
doi = {10.1017/CBO9781139381864},
file = {:home/cheyne/Dropbox/mendeley/Pemantle, Wilson_2013_Analytic Combinatorics in Several Variables.pdf:pdf},
isbn = {9781139381864},
publisher = {Cambridge University Press},
title = {{Analytic Combinatorics in Several Variables}},
url = {http://ebooks.cambridge.org/ref/id/CBO9781139381864},
year = {2013}
}
@article{Kaplansky,
author = {Kaplansky, Irving},
issn = {0003-4851},
journal = {Ann. Math. Stat.},
pages = {200--203},
title = {{The asymptotic distribution of runs of consecutive elements}},
volume = {16},
year = {1945}
}
@article{Steingrim2008,
archivePrefix = {arXiv},
arxivId = {0801.2412},
author = {Steingr\'{\i}msson, Einar},
eprint = {0801.2412},
month = jan,
pages = {arXiv:0801.2412 [math.CO], 11 pp.},
title = {{Generalized permutation patterns -- a short survey}},
url = {http://arxiv.org/abs/0801.2412},
year = {2008}
}
@article{BabsonWest,
author = {Babson, Eric and West, Julian},
doi = {10.1007/s003730070001},
issn = {0911-0119},
journal = {Graphs Comb.},
number = {4},
pages = {373--380},
title = {{The permutations {$123p_4\cdots p_m$} and {$321p_4\cdots p_m$} are {W}ilf-equivalent}},
url = {http://dx.doi.org/10.1007/s003730070001},
volume = {16},
year = {2000}
}
@article{Cranston2007,
author = {Cranston, Daniel W and Sudborough, I Hal and West, Douglas B},
doi = {10.1016/j.disc.2007.01.011},
issn = {0012-365X},
journal = {Discrete Math.},
number = {22},
pages = {2866--2870},
title = {{Short proofs for cut-and-paste sorting of permutations}},
url = {http://dx.doi.org/10.1016/j.disc.2007.01.011},
volume = {307},
year = {2007}
}
@article{sergithesis,
author = {Elizalde, Sergi},
file = {:home/cheyne/Dropbox/mendeley/Elizalde_2004_Statistics on Pattern-avoiding Permutations.pdf:pdf},
journal = {PhD Thesis, Massachusetts Inst. Technol.},
title = {{Statistics on Pattern-avoiding Permutations}},
year = {2004}
}
@article{Cheng2007,
author = {Cheng, Szu-En and Eu, Sen-Peng and Fu, Tung-Shan},
doi = {10.1016/j.ejc.2006.01.006},
file = {:home/cheyne/Dropbox/mendeley/Cheng, Eu, Fu_2007_Area of Catalan paths on a checkerboard.pdf:pdf},
issn = {0195-6698},
journal = {Eur. J. Comb.},
month = may,
number = {4},
pages = {1331--1344},
title = {{Area of Catalan paths on a checkerboard}},
url = {http://dx.doi.org/10.1016/j.ejc.2006.01.006 http://linkinghub.elsevier.com/retrieve/pii/S0195669806000126 http://www.sciencedirect.com/science/article/pii/S0195669806000126},
volume = {28},
year = {2007}
}
@article{Albert2002,
author = {Albert, Michael H. and Atkinson, M. D. and Handley, CC},
file = {:home/cheyne/Dropbox/mendeley/Albert, Atkinson, Handley_2002_On packing densities of permutations.pdf:pdf},
journal = {Electron. J. Comb.},
keywords = {layered permutations,packing density,pattern containment,permutations},
number = {2002},
pages = {Paper 5, 20 pp.},
title = {{On packing densities of permutations}},
url = {http://www.emis.ams.org/journals/EJC/Volume_9/PDF/v9i1r5.pdf},
volume = {9},
year = {2002}
}
@article{Atkinson2005,
author = {Albert, Michael H. and Atkinson, M. D.},
doi = {10.1016/j.disc.2005.06.016},
issn = {0012-365X},
journal = {Discrete Math.},
number = {1-3},
pages = {15 pp.},
title = {{Simple permutations and pattern restricted permutations}},
url = {http://dx.doi.org/10.1016/j.disc.2005.06.016},
volume = {300},
year = {2005}
}
@misc{polyclass-algo,
annote = {Published online at \url{http://github.com/cheyneh/polyclass}.},
author = {Homberger, Cheyne and Vatter, Vincent},
title = {{Poly{C}lass Algorithm}},
year = {2013}
}
@incollection{SubsDecomp,
author = {M\"{o}hring, R H and Radermacher, F J},
booktitle = {Algebr. Comb. Methods Oper. Res. Proc. Work. Algebr. Struct. Oper. Res.},
doi = {http://dx.doi.org/10.1016/S0304-0208(08)72966-9},
editor = {{R.E. Burkard}, R A Cuninghame-Green and Zimmermann, U},
issn = {0304-0208},
pages = {257--355},
publisher = {North-Holland},
series = {North-Holland Mathematics Studies},
title = {{Substitution Decomposition for Discrete Structures and Connections with Combinatorial Optimization}},
url = {http://www.sciencedirect.com/science/article/pii/S0304020808729669},
volume = {95},
year = {1984}
}
@article{Bloom2012,
archivePrefix = {arXiv},
arxivId = {arXiv:1211.3442v1},
author = {Bloom, Jonathan and Elizalde, Sergi},
eprint = {arXiv:1211.3442v1},
file = {:home/cheyne/Dropbox/mendeley/Bloom, Elizalde_2012_Pattern avoidance in matchings and partitions.pdf:pdf},
journal = {arXiv Prepr. arXiv1211.3442},
pages = {1--34},
title = {{Pattern avoidance in matchings and partitions}},
url = {http://arxiv.org/abs/1211.3442},
year = {2012}
}
@article{Shuai2011,
author = {Shuai, Zhisheng and van den Driessche, P},
doi = {http://dx.doi.org/10.1016/j.mbs.2011.09.003},
issn = {0025-5564},
journal = {Math. Biosci.},
keywords = {Cholera,Differential infectivity,Final size,Global stability,Lyapunov function,Non-linear incidence},
number = {2},
pages = {118--126},
title = {{Global dynamics of cholera models with differential infectivity}},
url = {http://www.sciencedirect.com/science/article/pii/S0025556411001441},
volume = {234},
year = {2011}
}
@article{Claesson2012,
author = {Claesson, Anders and Jel\'{\i}nek, V\'{\i}t and Steingr\'{\i}msson, Einar},
doi = {10.1016/j.jcta.2012.05.006},
issn = {0097-3165},
journal = {J. Comb. Theory, Ser. A},
number = {8},
pages = {1680--1691},
title = {{Upper bounds for the {S}tanley-{W}ilf limit of 1324 and other layered patterns}},
url = {http://dx.doi.org/10.1016/j.jcta.2012.05.006},
volume = {119},
year = {2012}
}
@article{Elizalde2013,
archivePrefix = {arXiv},
arxivId = {arXiv:1305.3177v1},
author = {Burstein, Alexander and Elizalde, Sergi},
eprint = {arXiv:1305.3177v1},
file = {:home/cheyne/Dropbox/mendeley/Burstein, Elizalde_Unknown_Total occurrence statistics on restricted permutations.pdf:pdf},
journal = {Pure Math Appl.},
keywords = {a preliminary version of,and phrases,at the conference permutation,by the first author,dunedin,grant dms-1001046,new zealand,of otago,partially supported by nsf,pattern avoidance,patterns 2008,permutation statistic,restricted permutation,the second author was,this work was presented,total occurrence,university,vincular pattern},
title = {{Total occurrence statistics on restricted permutations}},
url = {http://arxiv.org/abs/1305.3177},
volume = {to appear}
}
@article{me-polyclass,
abstract = {We describe an algorithm, implemented in Python, which can enumerate any permutation class with polynomial enumeration from a structural description of the class. In particular, this allows us to find formulas for the number of permutations of length n which can be obtained by a finite number of block sorting operations (e.g., reversals, block transpositions, cut-and-paste moves).},
archivePrefix = {arXiv},
arxivId = {arXiv:1308.4946v1},
author = {Homberger, Cheyne and Vatter, Vincent},
eprint = {arXiv:1308.4946v1},
file = {:home/cheyne/Dropbox/mendeley/Homberger, Vatter_2013_On the effective and automatic enumeration of polynomial permutation classes.pdf:pdf},
month = aug,
pages = {arXiv:1308.4946 [math.CO], 10 pp.},
title = {{On the effective and automatic enumeration of polynomial permutation classes}},
url = {http://arxiv.org/abs/1308.4946},
year = {2013}
}
@article{Klazar2003,
abstract = {A class of permutations $\Pi$ is called closed if $\pi\subset\sigma\in\Pi$ implies $\pi\in\Pi$, where the relation $\subset$ is the natural containment of permutations. Let $\Pi_n$ be the set of all permutations of $1,2,\dots,n$ belonging to $\Pi$. We investigate the counting functions $n\mapsto|\Pi_n|$ of closed classes. Our main result says that if $|\Pi_n| 0$. Here $F_{n,k}$ are the generalized Fibonacci numbers which grow like powers of the largest positive root of $x^k-x^{k-1}-\cdots-1$. We characterize also the constant and the polynomial growth of closed permutation classes and give two more results on these.},
author = {Kaiser, Tom\'{a}\v{s} and Klazar, Martin},
file = {:home/cheyne/Dropbox/mendeley/Kaiser, Klazar_2002_On growth rates of closed permutation classes.pdf:pdf},
issn = {1077-8926},
journal = {Electron. J. Comb.},
month = oct,
number = {2},
pages = {20 pp.},
title = {{On growth rates of closed permutation classes}},
url = {http://www.emis.ams.org/journals/EJC/Volume_9/PDF/v9i2r10.pdf http://www.combinatorics.org/ojs/index.php/eljc/article/view/v9i2r10},
volume = {9},
year = {2002}
}
@article{Pemantle2009,
author = {Pemantle, Robin and Wilf, HS},
file = {:home/cheyne/Dropbox/mendeley/Pemantle, Wilf_2009_Counting nondecreasing integer sequences that lie below a barrier.pdf:pdf},
journal = {Electron. J. Comb.},
number = {1},
pages = {1--7},
title = {{Counting nondecreasing integer sequences that lie below a barrier}},
url = {http://www.emis.ams.org/journals/EJC/Volume_16/PDF/v16i1r60.pdf},
volume = {16},
year = {2009}
}
@article{me-diss,
author = {Homberger, Cheyne},
journal = {PhD Thesis, Univ. Florida},
title = {{Patterns in Permutations and Involutions, a Structural and Enumerative Approach}}
}
@incollection{Bollobas2007a,
address = {Cambridge},
author = {Bollob\'{a}s, B\'{e}la},
booktitle = {Surv. Comb. 2007},
doi = {10.1017/CBO9780511666209.002},
pages = {39 pp.},
publisher = {Cambridge Univ. Press},
series = {London Math. Soc. Lecture Note Ser.},
title = {{Hereditary and monotone properties of combinatorial structures}},
url = {http://dx.doi.org/10.1017/CBO9780511666209.002},
volume = {346},
year = {2007}
}
@misc{PermLab,
annote = {Available online at \url{http://www.cs.otago.ac.nz/PermLab}},
author = {Albert, Michael H.},
title = {{Perm{L}ab: Software for Permutation Patterns}},
year = {2012}
}
@article{Smith2006,
author = {Smith, Rebecca},
issn = {1077-8926},
journal = {Electron. J. Comb.},
number = {1},
pages = {Note 11, 8},
title = {{Permutation reconstruction}},
url = {http://www.combinatorics.org/Volume_13/Abstracts/v13i1n11.html},
volume = {13},
year = {2006}
}
@article{Linton2005,
author = {Albert, Michael H. and Linton, Steve and Ru\v{s}kuc, Nik},
issn = {1077-8926},
journal = {Electron. J. Comb.},
pages = {Paper 47, 31 pp.},
title = {{The insertion encoding of permutations}},
url = {http://www.combinatorics.org/Volume_12/Abstracts/v12i1r47.html},
volume = {12},
year = {2005}
}
@incollection{Balogh2006,
address = {Berlin},
author = {Balogh, J\'{o}zsef and Bollob\'{a}s, B\'{e}la and Morris, Robert},
booktitle = {Top. Discret. Math.},
doi = {10.1007/3-540-33700-8_12},
pages = {179--213},
publisher = {Springer},
series = {Algorithms Combin.},
title = {{Hereditary properties of ordered graphs}},
url = {http://dx.doi.org/10.1007/3-540-33700-8_12},
volume = {26},
year = {2006}
}
@article{Booth1976,
author = {Booth, Kellogg S and Lueker, George S},
doi = {http://dx.doi.org/10.1016/S0022-0000(76)80045-1},
issn = {0022-0000},
journal = {J. Comput. Syst. Sci.},
number = {3},
pages = {335--379},
title = {{Testing for the consecutive ones property, interval graphs, and graph planarity using PQ-tree algorithms}},
url = {http://www.sciencedirect.com/science/article/pii/S0022000076800451},
volume = {13},
year = {1976}
}
@article{Denise1995,
author = {Denise, Alain and Simion, Rodica},
doi = {10.1016/0012-365X(93)E0147-V},
file = {:home/cheyne/Dropbox/mendeley/Denise, Simion_1995_Two combinatorial statistics on Dyck paths.pdf:pdf},
issn = {0012-365X},
journal = {Discrete Math.},
number = {1-3},
pages = {155--176},
title = {{Two combinatorial statistics on Dyck paths}},
url = {http://www.sciencedirect.com/science/article/pii/0012365X93E0147V http://dx.doi.org/10.1016/0012-365X(93)E0147-V},
volume = {137},
year = {1995}
}
@book{Stanley2,
address = {Cambridge},
annote = {With a foreword by Gian-Carlo Rota and appendix 1 by Sergey
Fomin},
author = {Stanley, Richard P},
doi = {10.1017/CBO9780511609589},
isbn = {0-521-56069-1; 0-521-78987-7},
pages = {xii+581},
publisher = {Cambridge University Press},
series = {Cambridge Studies in Advanced Mathematics},
title = {{Enumerative combinatorics. {V}ol. 2}},
url = {http://dx.doi.org/10.1017/CBO9780511609589},
volume = {62},
year = {1999}
}
@article{Mimi,
author = {Bruner, Marie-Louise and Lackner, Martin},
journal = {J. Pure Appl. Math.},
keywords = {Mimi},
mendeley-tags = {Mimi},
pages = {23 pp.},
title = {{The Computational Landscape of Permutation Patterns}},
volume = {to appear}
}
@article{Grusea2013,
archivePrefix = {arXiv},
arxivId = {arXiv:1104.3353v1},
author = {Grusea, S and Labarre, Anthony},
eprint = {arXiv:1104.3353v1},
file = {:home/cheyne/Dropbox/mendeley/Grusea, Labarre_2013_The distribution of cycles in breakpoint graphs of signed permutations.pdf:pdf},
journal = {Discret. Appl. Math.},
keywords = {genome rearrangements,hultman numbers,permutations},
pages = {1--36},
title = {{The distribution of cycles in breakpoint graphs of signed permutations}},
url = {http://www.sciencedirect.com/science/article/pii/S0166218X13000541},
year = {2013}
}
@article{Bona2012,
author = {B\'{o}na, Mikl\'{o}s},
file = {:home/cheyne/Dropbox/mendeley/B\'{o}na_2012_Surprising symmetries in objects counted by Catalan numbers.pdf:pdf},
journal = {Electron. J. Comb.},
number = {1},
pages = {Paper 62, 12 pp.},
title = {{Surprising symmetries in objects counted by Catalan numbers}},
url = {http://www.combinatorics.org/ojs/index.php/eljc/article/view/v19i1p62},
volume = {19},
year = {2012}
}
@article{bloomvince,
author = {Bloom, Jonathan and Vatter, Vincent},
pages = {arXiv:1310.6073 [math.CO], 9 pp.},
title = {{Two Vignettes On Full Rook Placements}},
year = {2013}
}
@article{Flynn2007,
author = {Albert, Michael H. and Coleman, Micah and Flynn, Ryan and Leader, Imre},
doi = {10.1007/s00026-007-0319-9},
issn = {0218-0006},
journal = {Ann. Comb.},
number = {3-4},
pages = {265--270},
title = {{Permutations containing many patterns}},
url = {http://dx.doi.org/10.1007/s00026-007-0319-9},
volume = {11},
year = {2007}
}
@article{Tauraso2006,
author = {Tauraso, Roberto},
issn = {1867-0652},
journal = {Integers},
pages = {A11, 13},
title = {{The dinner table problem: the rectangular case}},
volume = {6},
year = {2006}
}
@article{Backelin2007,
author = {Backelin, J\"{o}rgen and West, Julian and Xin, Guoce},
doi = {10.1016/j.aam.2004.11.006},
issn = {0196-8858},
journal = {Adv. Appl. Math.},
number = {2},
pages = {133--148},
title = {{Wilf-equivalence for singleton classes}},
url = {http://dx.doi.org/10.1016/j.aam.2004.11.006},
volume = {38},
year = {2007}
}
@article{Stankova1994,
author = {Stankova, Zvezdelina E},
doi = {10.1016/0012-365X(94)90242-9},
issn = {0012-365X},
journal = {Discrete Math.},
number = {1-3},
pages = {291--316},
title = {{Forbidden subsequences}},
url = {http://dx.doi.org/10.1016/0012-365X(94)90242-9},
volume = {132},
year = {1994}
}
@article{Bloom2013,
author = {Bloom, Jonathan and Elizalde, Sergi},
issn = {1077-8926},
journal = {Electron. J. Comb.},
number = {2},
pages = {Paper 5, 38},
title = {{Pattern avoidance in matchings and partitions}},
volume = {20},
year = {2013}
}
@article{BillGates,
author = {Gates, William H and Papadimitriou, Christos H},
doi = {10.1016/0012-365X(79)90068-2},
issn = {0012-365X},
journal = {Discrete Math.},
number = {1},
pages = {47--57},
title = {{Bounds for sorting by prefix reversal}},
url = {http://dx.doi.org/10.1016/0012-365X(79)90068-2},
volume = {27},
year = {1979}
}
@article{Noonan1999,
archivePrefix = {arXiv},
arxivId = {arXiv:math/9806036v1},
author = {Noonan, J and Zeilberger, Doron},
eprint = {9806036v1},
file = {:home/cheyne/Dropbox/mendeley/Noonan, Zeilberger_1999_The Goulden-Jackson cluster method extensions, applications and implementations.pdf:pdf},
journal = {J. Differ. Equations Appl.},
pages = {1--17},
primaryClass = {arXiv:math},
title = {{The Goulden-Jackson cluster method: extensions, applications and implementations}},
url = {http://www.tandfonline.com/doi/abs/10.1080/10236199908808197},
year = {1999}
}
@article{me-fixpat,
author = {Homberger, Cheyne},
file = {:home/cheyne/Dropbox/mendeley//Homberger_2012_Counting Fixed-Length Permutation Patterns.pdf:pdf},
issn = {1931-3365},
journal = {Online J. Anal. Comb.},
pages = {12 pp.},
title = {{Counting Fixed-Length Permutation Patterns}},
url = {http://arxiv.org/abs/1211.7117},
volume = {7},
year = {2012}
}
@article{MurphyVatter,
annote = {Permutation patterns (Otago, 2003)},
author = {Murphy, Maximillian M and Vatter, Vincent},
issn = {1077-8926},
journal = {Electron. J. Comb.},
number = {2},
pages = {Research paper 17, 30 pp. (electronic)},
title = {{Profile classes and partial well-order for permutations}},
url = {http://www.combinatorics.org/Volume_9/Abstracts/v9i2r17.html},
volume = {9},
year = {2002}
}
@article{Brignall2007,
author = {Brignall, Robert},
file = {:home/cheyne/Dropbox/mendeley/Brignall_2007_Simplicity in relational structures and its application to permutation classes.pdf:pdf},
journal = {PhD Thesis, Univ. St Andrews},
title = {{Simplicity in relational structures and its application to permutation classes}},
url = {http://research-repository.st-andrews.ac.uk/handle/10023/431},
year = {2007}
}
@book{pemantle,
address = {New York, NY, USA},
author = {Pemantle, Robin and Wilson, Mark C},
isbn = {1107031575, 9781107031579},
publisher = {Cambridge University Press},
title = {{Analytic Combinatorics in Several Variables}},
year = {2013}
}
@article{Gessel1990,
author = {Gessel, Ira M},
doi = {10.1016/0097-3165(90)90060-A},
issn = {0097-3165},
journal = {J. Comb. Theory, Ser. A},
number = {2},
pages = {257--285},
title = {{Symmetric functions and {P}-recursiveness}},
url = {http://dx.doi.org/10.1016/0097-3165(90)90060-A},
volume = {53},
year = {1990}
}
@article{pantone2013,
author = {Pantone, Jay},
pages = {arXiv:1309.0832 [math.CO], 21 pp.},
title = {{The Enumeration of Permutations Avoiding 3124 and 4312}},
year = {2013}
}
@incollection{Klazar2008,
abstract = {This survey article is devoted to general results in combinatorial enumeration. The first part surveys results on growth of hereditary properties of combinatorial structures. These include permutations, ordered and unordered graphs and hypergraphs, relational structures, and others. The second part advertises five topics in general enumeration: 1. counting lattice points in lattice polytopes, 2. growth of context-free languages, 3. holonomicity (i.e., P-recursiveness) of numbers of labeled regular graphs, 4. frequent occurrence of the asymptotics cn^{-3/2}r^n and 5. ultimate modular periodicity of numbers of MSOL-definable structures.},
archivePrefix = {arXiv},
arxivId = {0803.4292},
author = {Klazar, Martin},
booktitle = {Permut. Patterns},
editor = {Ru\v{s}kuc, Nik and Linton, Steve and Vatter, Vince},
eprint = {0803.4292},
month = mar,
pages = {3--40},
publisher = {Cambridge University Press},
title = {{Overview of some general results in combinatorial enumeration}},
url = {http://arxiv.org/abs/0803.4292},
year = {2010}
}
@article{Chapman1999,
author = {Chapman, Robin},
file = {:home/cheyne/Dropbox/mendeley/Chapman_1999_Moments of Dyck paths.pdf:pdf},
journal = {Discrete Math.},
pages = {113--117},
title = {{Moments of Dyck paths}},
url = {http://scholar.google.com/scholar?hl=en&btnG=Search&q=intitle:Moments+of+Dyck+paths#0},
volume = {204},
year = {1999}
}
@article{me-involutions,
author = {B\'{o}na, Mikl\'{o}s and Homberger, Cheyne and Pantone, Jay and Vatter, Vincent},
pages = {arXiv:1310.7003 [math.CO], 26 pp.},
title = {{Pattern Avoiding Involutions: Exact and Asymptotic Enumeration}},
year = {2013}
}
@misc{TheMendeleySupportTeam2011,
abstract = {A quick introduction to Mendeley. Learn how Mendeley creates your personal digital library, how to organize and annotate documents, how to collaborate and share with colleagues, and how to generate citations and bibliographies.},
address = {London},
author = {{The Mendeley Support Team}},
booktitle = {Mendeley Deskt.},
file = {:home/cheyne/Dropbox/mendeley/The Mendeley Support Team_2011_Getting Started with Mendeley.pdf:pdf},
keywords = {Mendeley,how-to,user manual},
pages = {1--16},
publisher = {Mendeley Ltd.},
title = {{Getting Started with Mendeley}},
url = {http://www.mendeley.com},
year = {2011}
}
@article{Jaggard2002,
annote = {Permutation patterns (Otago, 2003)},
author = {Jaggard, Aaron D},
issn = {1077-8926},
journal = {Electron. J. Comb.},
number = {2},
pages = {Research paper 16, 24},
title = {{Prefix exchanging and pattern avoidance by involutions}},
url = {http://www.combinatorics.org/Volume_9/Abstracts/v9i2r16.html},
volume = {9},
year = {2003}
}
@book{wilfbook,
author = {Wilf, Herbert S},
edition = {Third},
isbn = {978-1-56881-279-3; 1-56881-279-5},
pages = {x+245},
publisher = {A K Peters, Ltd., Wellesley, MA},
title = {generatingfunctionology},
year = {2006}
}
@article{MarcusTardos,
author = {Marcus, Adam and Tardos, G\'{a}bor},
doi = {10.1016/j.jcta.2004.04.002},
issn = {0097-3165},
journal = {J. Comb. Theory, Ser. A},
number = {1},
pages = {153--160},
title = {{Excluded permutation matrices and the {S}tanley-{W}ilf conjecture}},
url = {http://dx.doi.org/10.1016/j.jcta.2004.04.002},
volume = {107},
year = {2004}
}
@article{Elder2005,
abstract = {We recount problems, questions and conjectures that arose during a problem session of the Third International Conference on Permutation Patterns, University of Florida, March 7-11, 2005.},
archivePrefix = {arXiv},
arxivId = {math/0505504},
author = {Elder, Murray and Vatter, Vincent},
eprint = {0505504},
month = may,
pages = {arXiv:0505504v1 [math.CO], 8 pp.},
primaryClass = {math},
title = {{Problems and Conjectures presented at the Third International Conference on Permutation Patterns, University of Florida, March 7-11, 2005}},
url = {http://arxiv.org/abs/math/0505504},
year = {2005}
}
@article{Albert2006,
author = {Albert, Michael H. and Elder, M. and Rechnitzer, A. and Westcott, P. and Zabrocki, M.},
doi = {10.1016/j.aam.2005.05.007},
file = {:home/cheyne/Dropbox/mendeley/Albert et al._2006_On the {S}tanley-{W}ilf limit of 4231-avoiding permutations and a conjecture of {A}rratia.pdf:pdf},
issn = {01968858},
journal = {Adv. Appl. Math.},
keywords = {a,ac,albert,andrewr,au,automata,ca,com,corresponding author,cs,e-mail addresses,edu,elder,gmail,h,m,malbert,mathstat,mcs,ms,murray,nz,otago,p,permutation classes,rechnitzer,st-and,uk,unimelb,westcott,yorku,zabrocki},
month = feb,
number = {2},
pages = {96--105},
title = {{On the {S}tanley-{W}ilf limit of 4231-avoiding permutations and a conjecture of {A}rratia}},
url = {http://linkinghub.elsevier.com/retrieve/pii/S0196885805000953},
volume = {36},
year = {2006}
}
@book{Brouwer2012,
author = {Brouwer, AAE and Haemers, WH},
file = {:home/cheyne/Dropbox/mendeley/Brouwer, Haemers_2012_Spectra of graphs.pdf:pdf},
title = {{Spectra of graphs}},
url = {http://books.google.com/books?hl=en&lr=&id=F98THwYgrXYC&oi=fnd&pg=PR5&dq=Spectra+of+graphs+%E2%80%93&ots=ge5eBiu4IY&sig=JVVgS-Rz8NEJctbQ66xmS08zYd8 http://books.google.com/books?hl=en&lr=&id=F98THwYgrXYC&oi=fnd&pg=PR5&dq=Spectra+of+graphs&ots=ge5eBiu4JZ&sig=QmQxUtXidNLiwCjAe7FlqEOcuSA},
year = {2012}
}
@book{BonaPerm,
address = {Boca Raton, FL},
annote = {With a foreword by Richard Stanley},
author = {B\'{o}na, Mikl\'{o}s},
doi = {10.1201/b12210},
edition = {Second},
isbn = {978-1-4398-5051-0},
pages = {xiv+458},
publisher = {CRC Press},
series = {Discrete Mathematics and its Applications (Boca Raton)},
title = {{Combinatorics of permutations}},
url = {http://dx.doi.org/10.1201/b12210},
year = {2012}
}
@book{Knuth,
annote = {Sorting and searching, Addison-Wesley Series in Computer Science and Information Processing},
author = {Knuth, Donald E},
pages = {634 pp.},
publisher = {Addison-Wesley Publishing Co., Reading, Mass.},
title = {{The Art of Computer Programming. {V}ol 1: {F}undamental Algorithms}},
year = {1969}
}
@article{Mestre1993,
author = {Mestre, F and Schoof, R},
file = {:home/cheyne/Dropbox/mendeley/Mestre, Schoof_1993_Quotients Homophones des Groupes Libres Homophonic Quotients of Free Groups.pdf:pdf},
journal = {Exp. \ldots},
title = {{Quotients Homophones des Groupes Libres Homophonic Quotients of Free Groups}},
url = {http://www.tandfonline.com/doi/pdf/10.1080/10586458.1993.10504275},
year = {1993}
}
@article{Leeuwen,
annote = {Check corollary 2.6},
author = {Leeuwen, MAA Van},
file = {:home/cheyne/Dropbox/mendeley/Leeuwen_2006_Schur functions and alternating sums.pdf:pdf},
journal = {Electron. J. Comb.},
pages = {1--29},
title = {{Schur functions and alternating sums}},
url = {http://www.emis.ams.org/journals/EJC/Volume_11/PDF/v11i2a5.pdf},
year = {2006}
}
@article{gouldenjackson1,
author = {Goulden, I P and Jackson, D M},
doi = {10.1112/jlms/s2-20.3.567},
issn = {0024-6107},
journal = {J. London Math. Soc.},
number = {3},
pages = {567--576},
title = {{An inversion theorem for cluster decompositions of sequences with distinguished subsequences}},
url = {http://dx.doi.org/10.1112/jlms/s2-20.3.567},
volume = {20},
year = {1979}
}
@article{Albert2012,
author = {Albert, Michael H. and Atkinson, M. D. and Vatter, Vincent},
file = {:home/cheyne/Dropbox/mendeley/Albert, Atkinson, Vatter_2014_Inflations of Geometric Grid Classes Three Case Studies.pdf:pdf},
journal = {Australas. J. Comb.},
number = {1},
pages = {pp. 27--47},
title = {{Inflations of Geometric Grid Classes: Three Case Studies}},
url = {http://www.math.ufl.edu/$\sim$vatter/publications/ggc-2x4/ggc-2x4.pdf},
volume = {58},
year = {2014}
}
@article{Talagrand1996,
author = {Talagrand, M},
file = {:home/cheyne/Dropbox/mendeley/Talagrand_1996_A new look at independence.pdf:pdf},
journal = {Ann. Probab.},
title = {{A new look at independence}},
url = {http://projecteuclid.org/euclid.aop/1042644705},
year = {1996}
}
@incollection{Edels2008,
address = {Providence, RI},
author = {Edelsbrunner, Herbert and Harer, John},
booktitle = {Surv. Discret. Comput. Geom.},
doi = {10.1090/conm/453/08802},
pages = {257--282},
publisher = {Amer. Math. Soc.},
series = {Contemp. Math.},
title = {{Persistent homology---a survey}},
url = {http://dx.doi.org/10.1090/conm/453/08802},
volume = {453},
year = {2008}
}
@article{Bloom,
archivePrefix = {arXiv},
arxivId = {arXiv:1110.2564v2},
author = {Bloom, Jonathan and Saracino, Dan},
eprint = {arXiv:1110.2564v2},
file = {:home/cheyne/Dropbox/mendeley/Bloom, Saracino_Unknown_A simple bijection between 231-avoiding and 312-avoiding placements.pdf:pdf},
journal = {J. Comb. Math. Comb. Comput. to Appear},
pages = {1--10},
title = {{A simple bijection between 231-avoiding and 312-avoiding placements}},
url = {http://scholar.google.com/scholar?hl=en&btnG=Search&q=intitle:A+Simple+Bijection+Between+231-Avoiding+and+312-Avoiding+Placements#0}
}
@article{Kuhn:2008:PCT:1373104.1373181,
address = {Piscataway, NJ, USA},
author = {Kuhn, Rick and Lei, Yu and Kacker, Raghu},
doi = {10.1109/MITP.2008.54},
issn = {1520-9202},
journal = {IT Prof.},
keywords = { all-pairs testing, assurance, combinatorial testing, debugging, faults, pairwise testing,all-pairs testing},
month = may,
number = {3},
pages = {19--23},
publisher = {IEEE Educational Activities Department},
title = {{Practical Combinatorial Testing: Beyond Pairwise}},
url = {http://dx.doi.org/10.1109/MITP.2008.54},
volume = {10},
year = {2008}
}
@article{Watterson1982,
author = {Watterson, G A and Ewens, W J and Hall, T E and Morgan, A},
doi = {http://dx.doi.org/10.1016/0022-5193(82)90384-8},
issn = {0022-5193},
journal = {J. Theor. Biol.},
number = {1},
pages = {1--7},
title = {{The chromosome inversion problem}},
url = {http://www.sciencedirect.com/science/article/pii/0022519382903848},
volume = {99},
year = {1982}
}
@article{Bafna1998,
author = {Bafna, Vineet and Pevzner, PA},
file = {:home/cheyne/Dropbox/mendeley/Bafna, Pevzner_1998_Sorting by transpositions.pdf:pdf},
journal = {SIAM J. Discret. Math.},
keywords = {15a09,15a15,15a23,ams subject classifications,approximation algorithm,computational molecular biology,genome rearrangements,pii,s089548019528280x,symmetric group,the,transpositions},
number = {2},
pages = {224--240},
title = {{Sorting by transpositions}},
url = {http://epubs.siam.org/doi/abs/10.1137/S089548019528280X},
volume = {11},
year = {1998}
}
@article{KremerPS,
author = {Kremer, Darla},
doi = {10.1016/S0012-365X(03)00124-9},
issn = {0012-365X},
journal = {Discrete Math.},
number = {1-3},
pages = {333--334},
title = {{Postscript: ``{P}ermutations with forbidden subsequences and a generalized {S}chr\"{o}der number'' [{D}iscrete {M}ath.\ {218} (2000), no.\ 1-3, 121--130; {MR}1754331 (2001a:05005)]}},
url = {http://dx.doi.org/10.1016/S0012-365X(03)00124-9},
volume = {270},
year = {2003}
}
@article{Albert2010,
author = {Albert, Michael H. and Atkinson, M D and Brignall, Robert and Ru\v{s}kuc, Nik and Smith, Rebecca and West, J},
issn = {1077-8926},
journal = {Electron. J. Comb.},
number = {1},
pages = {Research Paper 141, 16},
title = {{Growth rates for subclasses of {A}v(321)}},
url = {http://www.combinatorics.org/Volume_17/Abstracts/v17i1r141.html},
volume = {17},
year = {2010}
}
@article{SophieVince,
author = {Huczynska, Sophie and Vatter, Vincent},
issn = {1077-8926},
journal = {Electron. J. Comb.},
number = {1},
pages = {Research Paper 54, 14 pp. (electronic)},
title = {{Grid classes and the {F}ibonacci dichotomy for restricted permutations}},
url = {http://www.combinatorics.org/Volume_13/Abstracts/v13i1r54.html},
volume = {13},
year = {2006}
}
@article{Wolfowitz,
author = {Wolfowitz, J},
issn = {0003-4851},
journal = {Ann. Math. Stat.},
pages = {97--98},
title = {{Note on runs of consecutive elements}},
volume = {15},
year = {1944}
}
@article{Kremer2000,
author = {Kremer, Darla},
doi = {10.1016/S0012-365X(99)00302-7},
issn = {0012-365X},
journal = {Discrete Math.},
number = {1-3},
pages = {121--130},
title = {{Permutations with forbidden subsequences and a generalized {S}chr\"{o}der number}},
url = {http://dx.doi.org/10.1016/S0012-365X(99)00302-7},
volume = {218},
year = {2000}
}
@article{Steingrim2012,
archivePrefix = {arXiv},
arxivId = {arXiv:1210.7320v2},
author = {Steingr\'{\i}msson, Einar},
eprint = {arXiv:1210.7320v2},
file = {:home/cheyne/Dropbox/mendeley/Steingr\'{\i}msson_2012_Some open problems on permutation patterns.pdf:pdf},
pages = {arXiv:1210.7320 [math.CO], 20 pp.},
title = {{Some open problems on permutation patterns}},
url = {http://arxiv.org/abs/1210.7320},
year = {2012}
}
@article{Mattfeld2004,
author = {Mattfeld, Dirk C and Bierwirth, Christian},
doi = {10.1016/S0377-2217(03)00016-X},
file = {:home/cheyne/Dropbox/mendeley/Mattfeld, Bierwirth_2004_An efficient genetic algorithm for job shop scheduling with tardiness objectives.pdf:pdf},
issn = {03772217},
journal = {Eur. J. Oper. Res.},
keywords = {genetic algorithm,job shop scheduling,multi-stage decomposition,tardiness objectives,tunable schedule builder},
month = jun,
number = {3},
pages = {616--630},
title = {{An efficient genetic algorithm for job shop scheduling with tardiness objectives}},
url = {http://linkinghub.elsevier.com/retrieve/pii/S037722170300016X},
volume = {155},
year = {2004}
}
@article{Albert2001,
author = {Albert, Michael H. and Aldred, R.E.L. and Atkinson, M. D. and Handley, C. and Holton, D.},
doi = {10.1006/eujc.2001.0538},
file = {:home/cheyne/Dropbox/mendeley/Albert et al._2001_Permutations of a Multiset Avoiding Permutations of Length 3.pdf:pdf},
issn = {01956698},
journal = {Eur. J. Comb.},
month = nov,
number = {8},
pages = {1021--1031},
title = {{Permutations of a Multiset Avoiding Permutations of Length 3}},
url = {http://linkinghub.elsevier.com/retrieve/pii/S0195669801905384},
volume = {22},
year = {2001}
}
@article{pantone2014,
author = {Burstein, Alexander and Pantone, Jay},
pages = {arXiv:1402.3842 [math.CO], 8 pp.},
title = {{Two Examples of Unbalanced Wilf-Equivalence}},
year = {2014}
}
@article{Vatter2011,
archivePrefix = {arXiv},
arxivId = {arXiv:0712.4006v2},
author = {Vatter, Vincent},
eprint = {arXiv:0712.4006v2},
file = {:home/cheyne/Dropbox/mendeley/Vatter_2011_Small permutation classes.pdf:pdf},
journal = {Proc. London Math. Soc.},
pages = {38 pp.},
title = {{Small permutation classes}},
url = {http://plms.oxfordjournals.org/content/103/5/879.short},
year = {2011}
}
@article{me-expat,
author = {Homberger, Cheyne},
file = {:home/cheyne/Dropbox/mendeley/Homberger_2012_Expected Patterns in Permutation Classes.pdf:pdf},
issn = {1077-8926},
journal = {Electron. J. Comb.},
number = {3},
pages = {Paper 43, 12 pp.},
title = {{Expected Patterns in Permutation Classes}},
url = {http://arxiv.org/abs/1206.0320},
volume = {19},
year = {2012}
}
@article{Simion1985,
author = {Simion, Rodica and Schmidt, Frank W},
issn = {0195-6698},
journal = {Eur. J. Comb.},
number = {4},
pages = {383--406},
title = {{Restricted permutations}},
volume = {6},
year = {1985}
}
@article{wikiperms,
journal = {Wikipedia},
pages = {published electronically at http://wikipedia.org},
title = {{Enumerations of specific permutation classes}},
url = {http://en.wikipedia.org/wiki/Enumerations_of_specific_permutation_classes}
}
@article{Helfgott,
archivePrefix = {arXiv},
arxivId = {arXiv:1305.2897v1},
author = {Helfgott, H A},
eprint = {arXiv:1305.2897v1},
file = {:home/cheyne/Dropbox/mendeley/Helfgott_Unknown_Major arcs for Goldbach’s Problem.pdf:pdf},
title = {{Major arcs for Goldbach’s Problem}}
}
@article{Fox,
author = {Fox, Jacob},
pages = {arXiv:1310.8378 [math.CO], 13 pp.},
title = {{{S}tanley-{W}ilf limits are typically exponential}},
year = {2013}
}
@article{Steingrimsson2013,
author = {Steingr\'{\i}msson, Einar and McNamara, Peter R. W.},
pages = {arXiv:1305.5569 [math.CO], 27 pp.},
title = {{On the topology of the permutation pattern poset}},
year = {2013}
}
@article{Alpar2009,
author = {Alpar-Vajk, K},
doi = {10.1007/s10910-008-9444-x},
file = {:home/cheyne/Dropbox/mendeley/Alpar-Vajk_2009_A bound for the reversal distance of genome rearrangements.pdf:pdf},
journal = {J. Math. Chem.},
keywords = {0,and given a permutation,breakpoint graph,defined in the following,given n,n,permutations by reversals is,s n,sorting by reversals,the aim is to,the problem of sorting,transform $\pi$,way,$\pi$},
pages = {941--945},
title = {{A bound for the reversal distance of genome rearrangements}},
url = {http://link.springer.com/article/10.1007/s10910-008-9444-x},
year = {2009}
}
@article{Lehman2012,
author = {Lehman, Eric and Leighton, F Thomson and Meyer, Albert R},
file = {:home/cheyne/Dropbox/mendeley/Lehman, Leighton, Meyer_2012_Mathematics for Computer Science.pdf:pdf},
pages = {1--828},
title = {{Mathematics for Computer Science}},
year = {2012}
}
@article{Brignall2008,
author = {Brignall, Robert and Huczynska, Sophie and Vatter, Vincent},
doi = {10.1016/j.jcta.2007.06.007},
issn = {0097-3165},
journal = {J. Comb. Theory, Ser. A},
number = {3},
pages = {423--441},
title = {{Simple permutations and algebraic generating functions}},
url = {http://dx.doi.org/10.1016/j.jcta.2007.06.007},
volume = {115},
year = {2008}
}
@article{Forman1999,
author = {Forman, Robin},
file = {:home/cheyne/Dropbox/mendeley/Forman_1999_Combinatorial differential topology and geometry.pdf:pdf},
journal = {New Perspect. Geom. Comb.},
pages = {177--206},
title = {{Combinatorial differential topology and geometry}},
url = {http://books.google.com/books?hl=en&lr=&id=L3j5tizyLC4C&oi=fnd&pg=PA177&dq=Combinatorial+Differential+Topology+and+Geometry&ots=KzlM_bIK0F&sig=gvS5xNFgk0oc_tOf--X5FI8QLhA},
volume = {38},
year = {1999}
}
@incollection{Dias2002,
author = {Dias, Zanoni and Meidanis, Jo\~{a}o},
booktitle = {String Process. Inf. Retr.},
doi = {10.1007/3-540-45735-6_7},
editor = {Laender, AlbertoH.F. and Oliveira, ArlindoL.},
isbn = {978-3-540-44158-8},
pages = {65--76},
publisher = {Springer Berlin Heidelberg},
series = {Lecture Notes in Computer Science},
title = {{Sorting by Prefix Transpositions}},
url = {http://dx.doi.org/10.1007/3-540-45735-6_7},
volume = {2476},
year = {2002}
}
@article{Rudolph2013,
author = {Rudolph, Kate},
file = {:home/cheyne/Dropbox/mendeley/Rudolph_2013_Pattern Popularity in 132-avoiding Permutations.pdf:pdf},
journal = {Electron. J. Comb.},
number = {1},
pages = {Paper 8, 15 pp.},
title = {{Pattern Popularity in 132-avoiding Permutations}},
url = {http://www.combinatorics.org/ojs/index.php/eljc/article/view/v20i1p8},
volume = {20},
year = {2013}
}
@book{BonaWalk,
annote = {An introduction to enumeration and graph theory,
With a foreword by Richard Stanley},
author = {B\'{o}na, Mikl\'{o}s},
edition = {Third},
isbn = {978-981-4335-23-2; 981-4335-23-1},
pages = {xx+546},
publisher = {World Scientific Publishing Co. Pte. Ltd., Hackensack, NJ},
title = {{A walk through combinatorics}},
year = {2011}
}
@article{Regev,
author = {Regev, Amitai},
doi = {10.1016/0001-8708(81)90012-8},
issn = {0001-8708},
journal = {Adv. Math. (N. Y).},
number = {2},
pages = {115--136},
title = {{Asymptotic values for degrees associated with strips of {Y}oung diagrams}},
url = {http://dx.doi.org/10.1016/0001-8708(81)90012-8},
volume = {41},
year = {1981}
}
@article{Bona2009,
author = {B\'{o}na, Mikl\'{o}s and Flynn, Ryan},
doi = {10.1016/j.ipl.2009.04.019},
file = {:home/cheyne/Dropbox/mendeley/B\'{o}na, Flynn_2009_The average number of block interchanges needed to sort a permutation and a recent result of Stanley.pdf:pdf},
issn = {00200190},
journal = {Inf. Process. Lett.},
keywords = {analysis of algorithms},
month = jul,
number = {16},
pages = {927--931},
publisher = {Elsevier B.V.},
title = {{The average number of block interchanges needed to sort a permutation and a recent result of Stanley}},
url = {http://linkinghub.elsevier.com/retrieve/pii/S0020019009001501},
volume = {109},
year = {2009}
}
@article{Branden2002,
author = {Br\"{a}nd\'{e}n, Peter and Claesson, Anders and Steingrı́msson, Einar},
file = {:home/cheyne/Dropbox/mendeley/Br\"{a}nd\'{e}n, Claesson, Steingrı́msson_2002_Catalan continued fractions and increasing subsequences in permutations.pdf:pdf},
journal = {Discrete Math.},
pages = {275--287},
title = {{Catalan continued fractions and increasing subsequences in permutations}},
url = {http://www.sciencedirect.com/science/article/pii/S0012365X02003539},
volume = {258},
year = {2002}
}
@article{SteveWaton2007,
author = {{Steve Waton}},
journal = {PhD Thesis, Univ. St Andrews},
title = {{On Permutation Classes Generated by Token Passing Networks, Gridding Matrices and Pictures: Three Flavours of Involvement}},
year = {2007}
}
@article{Deutsch1999,
author = {Deutsch, Emeric},
doi = {10.1016/S0012-365X(98)00371-9},
file = {:home/cheyne/Dropbox/mendeley/Deutsch_1999_Dyck path enumeration.pdf:pdf},
issn = {0012365X},
journal = {Discrete Math.},
keywords = {1,catalan numbers,combinatorial enumeration,dyck paths,f i o n,fine numbers,generating functions,i n,narayana numbers,non-crossing,o d u c,ordered trees,parallelogram polyominoes,partitions,similarity relations},
month = jun,
number = {1-3},
pages = {167--202},
title = {{Dyck path enumeration}},
url = {http://linkinghub.elsevier.com/retrieve/pii/S0012365X98003719},
volume = {204},
year = {1999}
}
@article{Smith2010,
archivePrefix = {arXiv},
arxivId = {arXiv:0903.1999v2},
author = {Albert, Michael H. and Atkinson, M. D.},
eprint = {arXiv:0903.1999v2},
file = {:home/cheyne/Dropbox/mendeley/Albert, Atkinson_2010_Growth rates for subclasses of {A}v (321).pdf:pdf},
journal = {Electron. J. Comb.},
pages = {Paper 141, 16 pp.},
title = {{Growth rates for subclasses of {A}v (321)}},
url = {http://www.emis.ams.org/journals/EJC/Volume_17/PDF/v17i1r141.pdf},
volume = {17},
year = {2010}
}
@book{gouldenjackson2,
annote = {With a foreword by Gian-Carlo Rota,
Reprint of the 1983 original},
author = {Goulden, Ian P and Jackson, David M},
isbn = {0-486-43597-0},
pages = {xxvi+569},
publisher = {Dover Publications, Inc., Mineola, NY},
title = {{Combinatorial enumeration}},
year = {2004}
}
@article{Vatter2010,
author = {Vatter, Vincent},
doi = {10.1112/S0025579309000503},
issn = {0025-5793},
journal = {Mathematika},
number = {1},
pages = {182--192},
title = {{Permutation classes of every growth rate above 2.48188}},
url = {http://dx.doi.org/10.1112/S0025579309000503},
volume = {56},
year = {2010}
}
@article{Robertson2003,
author = {Robertson, Neil and Seymour, P.D},
doi = {10.1016/S0095-8956(03)00042-X},
file = {:home/cheyne/Dropbox/mendeley/Robertson, Seymour_2003_Graph Minors. XVI. Excluding a non-planar graph.pdf:pdf},
issn = {00958956},
journal = {J. Comb. Theory, Ser. B},
month = sep,
number = {1},
pages = {43--76},
title = {{Graph Minors. XVI. Excluding a non-planar graph}},
url = {http://linkinghub.elsevier.com/retrieve/pii/S009589560300042X},
volume = {89},
year = {2003}
}
@article{Claesson2011,
author = {Br\"{a}nd\'{e}n, Petter and Claesson, Anders},
issn = {1077-8926},
journal = {Electron. J. Comb.},
number = {2},
pages = {Paper 5, 14 pp.},
title = {{Mesh patterns and the expansion of permutation statistics as sums of permutation patterns}},
volume = {18},
year = {2011}
}
@article{Guibert2001,
author = {Guibert, O and Pergola, E and Pinzani, R},
doi = {10.1007/PL00001297},
issn = {0218-0006},
journal = {Ann. Comb.},
number = {2},
pages = {153--174},
title = {{Vexillary involutions are enumerated by {M}otzkin numbers}},
url = {http://dx.doi.org/10.1007/PL00001297},
volume = {5},
year = {2001}
}
@article{Claesson2013,
abstract = {Isomorphisms p between pattern classes A and B are considered. It is shown that, if p is not a symmetry of the entire set of permutations, then, to within symmetry, A is a subset of one a small set of pattern classes whose structure, including their enumeration, is determined.},
archivePrefix = {arXiv},
arxivId = {1308.3262},
author = {Albert, Michael H. and Atkinson, M D and Claesson, Anders},
eprint = {1308.3262},
month = aug,
pages = {arXiv:1308.3262 [math.CO], 11 pp.},
title = {{Isomorphisms between pattern classes}},
url = {http://arxiv.org/abs/1308.3262},
year = {2013}
}
@article{1324UpperBound,
abstract = {We prove that the number of 1324-avoiding permutations of length n is less than (7+4\sqrt{3})^n.},
archivePrefix = {arXiv},
arxivId = {1207.2379},
author = {B\'{o}na, Mikl\'{o}s},
eprint = {1207.2379},
month = jul,
pages = {arXiv:1207:2379 [math.CO], 6 pp.},
title = {{A new upper bound for 1324-avoiding permutations}},
url = {http://arxiv.org/abs/1207.2379},
year = {2012}
}
@article{Bona2010,
author = {B\'{o}na, Mikl\'{o}s},
file = {:home/cheyne/Dropbox/mendeley/B\'{o}na_2010_The absence of a pattern and the occurrences of another.pdf:pdf},
issn = {1365-8050},
journal = {Discret. Math. Theor. Comput. Sci.},
keywords = {functions,permutation pattern - generating},
number = {2},
pages = {89--102},
title = {{The absence of a pattern and the occurrences of another}},
url = {http://www.dmtcs.org/dmtcs-ojs/index.php/dmtcs/article/viewArticle/1461},
volume = {13},
year = {2010}
}
@article{GridClasses,
author = {Albert, Michael H. and Atkinson, M. D. and Vatter, Vincent and Ru\v{s}kuc, Nik and Bouvel, Mathilde},
file = {:home/cheyne/Dropbox/mendeley/Albert et al._2012_Geometric grid classes of permutations.pdf:pdf},
journal = {Trans. Am. Math. Soc.},
keywords = {05a05,05a15,ams 2000 subject classification,and phrases,geometric grid class,grid class,permutation class,rational generating function,regular language},
pages = {5859--5881},
title = {{Geometric grid classes of permutations}},
url = {http://www.ams.org/tran/0000-000-00/S0002-9947-2013-05804-7/},
volume = {365},
year = {2012}
}
@article{Evo1988,
author = {M\"{u}hlenbein, H and Gorges-Schleuter, M and Kr\"{a}mer, O},
doi = {http://dx.doi.org/10.1016/0167-8191(88)90098-1},
issn = {0167-8191},
journal = {Parallel Comput.},
keywords = {Darwinian algorithm,Evolution algorithms,combinatorial optimization,genetic algorithm,network algorithm,superlinear speedup of a new genetic algorithm},
number = {1},
pages = {65--85},
title = {{Evolution algorithms in combinatorial optimization}},
url = {http://www.sciencedirect.com/science/article/pii/0167819188900981},
volume = {7},
year = {1988}
}
@article{RegInsEnc,
author = {Vatter, Vincent},
doi = {10.1016/j.jsc.2011.11.002},
issn = {0747-7171},
journal = {J. Symb. Comput.},
number = {3},
pages = {259--265},
title = {{Finding regular insertion encodings for permutation classes}},
url = {http://dx.doi.org/10.1016/j.jsc.2011.11.002},
volume = {47},
year = {2012}
}
@article{Bona1997,
author = {B\'{o}na, Mikl\'{o}s},
doi = {10.1006/jcta.1997.2800},
issn = {0097-3165},
journal = {J. Comb. Theory, Ser. A},
number = {2},
pages = {257--272},
title = {{Exact enumeration of {1342}-avoiding permutations: a close link with labeled trees and planar maps}},
url = {http://dx.doi.org/10.1006/jcta.1997.2800},
volume = {80},
year = {1997}
}
@article{sagan2012,
author = {McNamara, Peter R W and Sagan, Bruce E},
doi = {10.1016/j.aim.2012.01.019},
issn = {0001-8708},
journal = {Adv. Math.},
number = {5},
pages = {2741--2766},
title = {{The {M}\"obius function of generalized subword order}},
url = {http://dx.doi.org/10.1016/j.aim.2012.01.019},
volume = {229},
year = {2012}
}
@book{PercyBook,
address = {New York},
author = {MacMahon, Percy A},
pages = {xix+302+xix+340},
publisher = {Chelsea Publishing Co.},
series = {Two volumes (bound as one)},
title = {{Combinatory analysis}},
year = {1960}
}
@article{Arratia1999,
author = {Arratia, Richard},
file = {:home/cheyne/Dropbox/mendeley/Arratia_1999_On the {S}tanley-{W}ilf conjecture for the number of permutations avoiding a given pattern.pdf:pdf},
issn = {1077-8926},
journal = {Electron. J. Comb.},
pages = {Note 1, 4 pp.},
title = {{On the {S}tanley-{W}ilf conjecture for the number of permutations avoiding a given pattern}},
url = {http://www.combinatorics.org/Volume_6/Abstracts/v6i1n1.html http://www.emis.ams.org/journals/EJC/Volume_6/PostScriptfiles/v6i1n1.ps},
volume = {6},
year = {1999}
}
@article{Claesson2008,
archivePrefix = {arXiv},
arxivId = {arXiv:0805.1325v1},
author = {Claesson, Anders and Kitaev, Sergey},
eprint = {arXiv:0805.1325v1},
file = {:home/cheyne/Dropbox/mendeley/Claesson, Kitaev_2008_Classification of bijections between 321- and 132-avoiding permutations.pdf:pdf},
journal = {20th Annu. Int. Conf. Form. Power Ser. Algebr. Comb. (FPSAC 2008)},
keywords = {and phrases,bijection,equidistribution,pattern avoidance,permutation statistics},
number = {060005012},
pages = {495--506},
publisher = {Assoc. Discrete Math. Theor. Comput. Sci., Nancy},
series = {Discrete Math. Theor. Comput. Sci. Proc., AJ},
title = {{Classification of bijections between 321- and 132-avoiding permutations}},
url = {http://www.emis.ams.org/journals/SLC/wpapers/s60claekit.pdf},
year = {2008}
}
@article{Chung,
author = {Chung, Fan R K},
file = {:home/cheyne/Dropbox/mendeley/Chung_Unknown_Lectures on Spectral Graph Theory.pdf:pdf},
title = {{Lectures on Spectral Graph Theory}}
}
@book{GenomeBook,
author = {Fertin, Guillaume and Labarre, Anthony and Rusu, Irena and Tannier, Eric and Vialette, St\'{e}phane},
booktitle = {Comput. \ldots},
doi = {10.7551/mitpress/9780262062824.001.0001},
file = {:home/cheyne/Dropbox/mendeley/Fertin et al._2009_Combinatorics of genome rearrangements.pdf:pdf},
isbn = {9780262062824},
month = jun,
publisher = {The MIT Press},
title = {{Combinatorics of genome rearrangements}},
url = {http://mitpress.universitypressscholarship.com/view/10.7551/mitpress/9780262062824.001.0001/upso-9780262062824 https://lirias.kuleuven.be/handle/123456789/276541},
year = {2009}
}
@book{Stanley1,
address = {Cambridge},
author = {Stanley, Richard P},
edition = {Second},
isbn = {978-1-107-60262-5},
pages = {xiv+626},
publisher = {Cambridge University Press},
series = {Cambridge Studies in Advanced Mathematics},
title = {{Enumerative combinatorics. {V}olume 1}},
volume = {49},
year = {2012}
}
@article{Corteel2006,
author = {Corteel, Sylvie and Louchard, Guy and Pemantle, Robin},
file = {:home/cheyne/Dropbox/mendeley/Corteel, Louchard, Pemantle_2004_Common intervals of permutations.pdf:pdf},
journal = {Math. Comput. Sci. \ldots},
keywords = {annealed mean,gene teams,intervals in random permutations},
pages = {189--214},
title = {{Common intervals of permutations}},
url = {http://link.springer.com/chapter/10.1007/978-3-0348-7915-6_1},
volume = {8},
year = {2004}
}
@article{Krattenthaler2001,
annote = {
        

        

        

      },
archivePrefix = {arXiv},
arxivId = {arXiv:math/0002200v1},
author = {Krattenthaler, C},
doi = {10.1006/aama.2001.0747},
eprint = {0002200v1},
file = {:home/cheyne/Dropbox/mendeley/Krattenthaler_2001_Permutations with restricted patterns and Dyck paths.pdf:pdf},
issn = {0196-8858},
journal = {Adv. Appl. Math.},
keywords = {and phrases,chebyshev polynomials,contin-,dyck paths,fwf,grant p13190-mat,permutations with restricted patterns,research partially supported by,the austrian science foundation,ued fraction},
number = {2-3},
pages = {17 pp.},
primaryClass = {arXiv:math},
title = {{Permutations with restricted patterns and Dyck paths}},
url = {http://dx.doi.org/10.1006/aama.2001.0747 http://www.sciencedirect.com/science/article/pii/S019688580190747X},
volume = {27},
year = {2001}
}
@book{CompBio,
address = {Cambridge, MA},
annote = {An algorithmic approach,
A Bradford Book},
author = {Pevzner, Pavel A},
isbn = {0-262-16197-4},
pages = {xviii+314},
publisher = {MIT Press},
series = {Computational Molecular Biology},
title = {{Computational molecular biology}},
year = {2000}
}
@article{1324LowerBound,
author = {Albert, Michael H. and Elder, Murray and Rechnitzer, Andrew and Westcott, Paul and Zabrocki, Mike},
doi = {10.1016/j.aam.2005.05.007},
issn = {0196-8858},
journal = {Adv. Appl. Math.},
number = {2},
pages = {96--105},
title = {{On the {S}tanley-{W}ilf limit of 4231-avoiding permutations and a conjecture of {A}rratia}},
url = {http://dx.doi.org/10.1016/j.aam.2005.05.007},
volume = {36},
year = {2006}
}
@article{Brignall2011,
author = {Brignall, Robert and Ru\v{s}kuc, Nik and Vatter, Vincent},
doi = {10.1112/S0025579310001518},
file = {:home/cheyne/Dropbox/mendeley/Brignall, Ru\v{s}kuc, Vatter_2011_Simple extensions of combinatorial structures.pdf:pdf},
issn = {0025-5793},
journal = {Mathematika},
keywords = {03c13,05a05,05c20,05c25,06a06,ams 2000 subject classification,and phrases,indecomposable graph,modular decomposition,primary,prime graph,secondary,simple},
number = {2},
pages = {193--214},
title = {{Simple extensions of combinatorial structures}},
url = {http://dx.doi.org/10.1112/S0025579310001518},
volume = {57},
year = {2011}
}
